@article{hirsch2011charged,
  title={Charged lepton flavour violation},
  author={Hirsch, M},
  journal={Nuclear Physics B-Proceedings Supplements},
  volume={217},
  number={1},
  pages={318--323},
  year={2011},
  publisher={Elsevier}
}

@article{friedman2001greedy,
	title={Greedy function approximation: a gradient boosting machine},
	author={Friedman, Jerome H},
	journal={Annals of statistics},
	pages={1189--1232},
	year={2001},
	publisher={JSTOR}
}
@article{chen2016xgboost,
	title={Xgboost: A scalable tree boosting system},
	author={Chen, Tianqi and Guestrin, Carlos},
	journal={arXiv preprint arXiv:1603.02754},
	year={2016}
}

@article{srivastava2014dropout,
  title={Dropout: A simple way to prevent neural networks from overfitting},
  author={Srivastava, Nitish and Hinton, Geoffrey and Krizhevsky, Alex and Sutskever, Ilya and Salakhutdinov, Ruslan},
  journal={The Journal of Machine Learning Research},
  volume={15},
  number={1},
  pages={1929--1958},
  year={2014},
  publisher={JMLR. org}
}

@inproceedings{he2015delving,
  title={Delving deep into rectifiers: Surpassing human-level performance on imagenet classification},
  author={He, Kaiming and Zhang, Xiangyu and Ren, Shaoqing and Sun, Jian},
  booktitle={Proceedings of the IEEE International Conference on Computer Vision},
  pages={1026--1034},
  year={2015}
}

@article{dauphin2015rmsprop,
  title={RMSProp and equilibrated adaptive learning rates for non-convex optimization},
  author={Dauphin, Yann N and de Vries, Harm and Chung, Junyoung and Bengio, Yoshua},
  journal={arXiv preprint arXiv:1502.04390},
  year={2015}
}

@article{zeiler2012adadelta,
  title={ADADELTA: an adaptive learning rate method},
  author={Zeiler, Matthew D},
  journal={arXiv preprint arXiv:1212.5701},
  year={2012}
}
